@article{vdP,
  author  = {L.J. van der Pauw}, 
  title   = {A method of measuring specific resistivity and Hall effect of discs of arbitrary shape},
  journal = {Philips Research Reports},
  year    = 1958,
  volume  = 13,
  pages   = {1-9}
}

@book{ibach2009solid,
  title={Solid-State Physics: An Introduction to Principles of Materials Science},
  author={Ibach, H. and L{\"u}th, H.},
  isbn={9783540938040},
  lccn={2009926968},
  series={Advanced texts in physics},
  url={https://books.google.de/books?id=qjxv68JFe3gC},
  year={2009},
  publisher={Springer Berlin Heidelberg}
}

@book{sze2006physics,
  title={Physics of Semiconductor Devices},
  author={Sze, S.M. and Ng, K.K.},
  isbn={9780470068304},
  lccn={2007280778},
  url={https://books.google.de/books?id=o4unkmHBHb8C},
  year={2006},
  publisher={Wiley}
}